@Book{xie2015,
  title = {Dynamic Documents with {R} and knitr},
  author = {Yihui Xie},
  publisher = {Chapman and Hall/CRC},
  address = {Boca Raton, Florida},
  year = {2015},
  edition = {2nd},
  note = {ISBN 978-1498716963},
  url = {http://yihui.org/knitr/},
}

@book{garrity_2007,
	address = {Cambridge},
	edition = {11. print},
	title = {All the mathematics you missed: but need to know for graduate school},
	isbn = {978-0-521-79285-1 978-0-521-79707-8},
	shorttitle = {All the mathematics you missed},
	language = {en},
	publisher = {Cambridge Univ. Press},
	author = {Garrity, Thomas A. and Pedersen, Lori},
	year = {2007},
}
